<record xmlns="http://www.loc.gov/MARC21/slim" xmlns:xsi="http://www.w3.org/2001/XMLSchema-instance" xsi:schemaLocation="http://www.loc.gov/MARC21/slim http://www.loc.gov/standards/marcxml/schema/MARC21slim.xsd"><leader>01814nam a2200397   4500</leader><controlfield tag="001">001685194</controlfield><controlfield tag="003">NNU</controlfield><controlfield tag="006">m        d        </controlfield><controlfield tag="007">cr cn |||m|||a</controlfield><controlfield tag="008">150110s1965    iq      ob    001 0 ara d</controlfield><datafield ind1=" " ind2=" " tag="040"><subfield code="a">NNU</subfield><subfield code="b">eng</subfield><subfield code="c">NNU</subfield></datafield><datafield ind1=" " ind2=" " tag="066"><subfield code="c">(3</subfield></datafield><datafield ind1=" " ind2=" " tag="090"><subfield code="a">PJ6131</subfield><subfield code="b">.H2</subfield></datafield><datafield ind1="1" ind2=" " tag="100"><subfield code="6">880-01</subfield><subfield code="a">&#7716;ad&#299;th&#299;, Khad&#299;jah</subfield></datafield><datafield ind1="1" ind2="0" tag="245"><subfield code="6">880-02</subfield><subfield code="a">Abniyat al-&#7779;arf f&#299; Kit&#257;b S&#299;bawayh</subfield><subfield code="h">[electronic resource] /</subfield><subfield code="c">Khad&#299;jah al-&#7716;ad&#299;th&#299;.</subfield></datafield><datafield ind1=" " ind2=" " tag="250"><subfield code="6">880-03</subfield><subfield code="a">al-&#7788;ab&#699;ah 1.</subfield></datafield><datafield ind1=" " ind2=" " tag="260"><subfield code="6">880-04</subfield><subfield code="a">Baghd&#257;d :</subfield><subfield code="b">Maktabat al-Nah&#7693;ah,</subfield><subfield code="c">1965.</subfield></datafield><datafield ind1=" " ind2=" " tag="300"><subfield code="a">online resource (576 p.)</subfield></datafield><datafield ind1=" " ind2=" " tag="500"><subfield code="a">Part of the Arabic Collections Online (ACO) project, contributed by New York Univeristy Libraries.</subfield></datafield><datafield ind1=" " ind2=" " tag="504"><subfield code="a">Includes bibliographical references (p. 531-537) and indexes.</subfield></datafield><datafield ind1=" " ind2=" " tag="500"><subfield code="a">Cover title: Abniyat al-sarf fi K. Sibawayhi [by] Khadiya al-Hadithi.</subfield></datafield><datafield ind1=" " ind2=" " tag="533"><subfield code="a">Electronic reproduction.</subfield><subfield code="b">New York, N.Y. :</subfield><subfield code="c">New York University,</subfield><subfield code="d">2015.</subfield><subfield code="5">NNU</subfield></datafield><datafield ind1="1" ind2="0" tag="600"><subfield code="6">880-05</subfield><subfield code="a">S&#299;bawayh, &#699;Amr ibn &#699;Uthm&#257;n,</subfield><subfield code="d">8th cent.</subfield><subfield code="t">Kit&#257;b</subfield></datafield><datafield ind1=" " ind2="0" tag="650"><subfield code="a">Arabic language</subfield><subfield code="x">Word formation.</subfield></datafield><datafield ind1=" " ind2="0" tag="650"><subfield code="a">Arabic language</subfield><subfield code="x">Grammar.</subfield></datafield><datafield ind1="2" ind2=" " tag="710"><subfield code="a">New York University.</subfield><subfield code="b">Libraries.</subfield></datafield><datafield ind1="0" ind2=" " tag="730"><subfield code="a">Arabic Collections Online.</subfield></datafield><datafield ind1="0" ind2="8" tag="776"><subfield code="i">Print version:</subfield><subfield code="a">&#7716;ad&#299;th&#299;, Khad&#299;jah 880-01</subfield><subfield code="t">Abniyat al-&#7779;arf f&#299; Kit&#257;b S&#299;bawayh</subfield><subfield code="w">(NNU)001685194</subfield><subfield code="w">(DLC)ne 65002717</subfield></datafield><datafield ind1="4" ind2="0" tag="856"><subfield code="u">http://hdl.handle.net/2333.1/xsj3v053</subfield></datafield><datafield ind1="1" ind2=" " tag="880"><subfield code="6">100-01/</subfield><subfield code="a">&#1581;&#1583;&#1610;&#1579;&#1609;&#1548; &#1582;&#1583;&#1610;&#1580;&#1577;.</subfield></datafield><datafield ind1="1" ind2="0" tag="880"><subfield code="6">245-02/</subfield><subfield code="a">&#1571;&#1576;&#1606;&#1610;&#1577; &#1575;&#1604;&#1589;&#1585;&#1601; &#1601;&#1609; &#1603;&#1578;&#1575;&#1576; &#1587;&#1610;&#1576;&#1608;&#1610;&#1607; /</subfield><subfield code="c">&#1582;&#1583;&#1610;&#1580;&#1577; &#1575;&#1604;&#1581;&#1583;&#1610;&#1579;&#1609;.</subfield></datafield><datafield ind1=" " ind2=" " tag="880"><subfield code="6">250-03/</subfield><subfield code="a">&#1575;&#1604;&#1591;&#1576;&#1593;&#1577; 1.</subfield></datafield><datafield ind1=" " ind2=" " tag="880"><subfield code="6">260-04/</subfield><subfield code="a">&#1576;&#1594;&#1583;&#1575;&#1583; :</subfield><subfield code="b">&#1605;&#1603;&#1578;&#1576;&#1577; &#1575;&#1604;&#1606;&#1607;&#1590;&#1577;&#1548;</subfield><subfield code="c">1965.</subfield></datafield><datafield ind1="1" ind2="4" tag="880"><subfield code="6">600-05/</subfield><subfield code="a">&#1587;&#1610;&#1576;&#1608;&#1610;&#1607;&#1548; &#1593;&#1605;&#1585;&#1608; &#1576;&#1606; &#1593;&#1579;&#1605;&#1575;&#1606;.</subfield><subfield code="t">&#1603;&#1578;&#1575;&#1576;.</subfield></datafield><datafield ind1=" " ind2=" " tag="959"><subfield code="a">NNU</subfield><subfield code="b">WEB</subfield><subfield code="c">GENI</subfield><subfield code="t">0</subfield><subfield code="m">Electronic access</subfield><subfield code="s">01</subfield></datafield><datafield ind1=" " ind2=" " tag="999"><subfield code="i">NNU_001685194</subfield><subfield code="o" /></datafield></record>